<?xml version="1.0" encoding="UTF-8"?><record xmlns="http://www.loc.gov/MARC21/slim" xmlns:cinclude="http://apache.org/cocoon/include/1.0" xmlns:zs="http://www.loc.gov/zing/srw/">
  <leader>00432nz  a2200133n  4500</leader>
  <controlfield tag="001">n  95005945 </controlfield>
  <controlfield tag="003">DLC</controlfield>
  <controlfield tag="005">19950120082751.0</controlfield>
  <controlfield tag="008">950120n| acannaab|          |n aaa |||  </controlfield>
  <datafield tag="010" ind1=" " ind2=" ">
    <subfield code="a">n  95005945 </subfield>
  </datafield>
  <datafield tag="040" ind1=" " ind2=" ">
    <subfield code="a">DLC</subfield>
    <subfield code="c">DLC</subfield>
  </datafield>
  <datafield tag="100" ind1="1" ind2="0">
    <subfield code="a">Kuypers, Joseph A.</subfield>
  </datafield>
  <datafield tag="670" ind1=" " ind2=" ">
    <subfield code="a">His Man's will to hurt, c1992:</subfield>
    <subfield code="b">t.p. (Joseph A. Kuypers) cover (assoc. prof. of social work, Univ. of Manitoba)</subfield>
  </datafield>
  <datafield tag="670" ind1=" " ind2=" ">
    <subfield code="a">LC database, 01-20-95</subfield>
    <subfield code="b">(hdg.: Kuypers, Joseph A.)</subfield>
  </datafield>
</record>